<record><leader>00000cas a22000007a 4500</leader><controlfield tag="001">15342173</controlfield><controlfield tag="008">870319d19111935njuwr ne      0    0eng d</controlfield><datafield ind1=" " ind2=" " tag="010"><subfield code="a">sn 87068041 </subfield></datafield><datafield ind1=" " ind2=" " tag="040"><subfield code="a">NJW</subfield><subfield code="b">eng</subfield><subfield code="c">NJW</subfield><subfield code="d">OCLCQ</subfield></datafield><datafield ind1=" " ind2=" " tag="042"><subfield code="a">msc</subfield></datafield><datafield ind1="0" ind2=" " tag="130"><subfield code="a">Caldwell progress (1911)</subfield></datafield><datafield ind1="1" ind2="4" tag="245"><subfield code="a">The Caldwell progress.</subfield></datafield><datafield ind1=" " ind2=" " tag="260"><subfield code="a">Caldwell, N.J. :</subfield><subfield code="b">Progress Pub. Co.</subfield></datafield><datafield ind1=" " ind2=" " tag="300"><subfield code="a">v.</subfield></datafield><datafield ind1=" " ind2=" " tag="310"><subfield code="a">Weekly</subfield></datafield><datafield ind1="1" ind2=" " tag="362"><subfield code="a">Began with Jan. 6, 1911 issue; ceased with Jan. 4, 1935 issue.</subfield><subfield code="z">Cf. Wright, W.C. and Stellhorn, P.A. Direct. of N.J. newspapers.</subfield></datafield><datafield ind1=" " ind2=" " tag="588"><subfield code="a">Description based on: 19th yr., no. 49 (Dec. 13, 1929).</subfield></datafield><datafield ind1=" " ind2=" " tag="752"><subfield code="a">United States</subfield><subfield code="b">New Jersey</subfield><subfield code="c">Essex</subfield><subfield code="d">Caldwell.</subfield></datafield><datafield ind1="0" ind2="5" tag="780"><subfield code="t">Caldwell news (Caldwell, N.J. : 1892)</subfield><subfield code="w">(DLC)sn 85035731</subfield><subfield code="w">(OCoLC)13200747</subfield></datafield><datafield ind1="0" ind2="7" tag="785"><subfield code="t">Verona news</subfield></datafield><datafield ind1="0" ind2="7" tag="785"><subfield code="t">Caldwell progress-The Verona news</subfield></datafield></record>